@online{palfore,
	title = {The Mathematics and Optimization of OSRS Combat},
	author = {Palfore},
	year = {2020},
	howpublished = {\url{https://www.reddit.com/r/2007scape/comments/faz5et/the_mathematics_of_osrs_combat/}},
	urldate = {14.7.2020},
}

@online{osrsmath,
	title = {OSRSmath},
	author = {Palfore},
	year = {2020},
	howpublished = {\url{https://github.com/Palfore/OSRSmath}},
	urldate = {14.7.2020},
}

@online{nukelawe,
	title = {Effects of Overkill in Damage Output in Oldschool Runescape},
	author = {Nukelawe},
	year = {2016},
	howpublished = {\url{https://imgur.com/aykEahg}},
	urldate = {14.7.2020},
}

@online{corpslayer1,
	title = {Overkill DPS formulas},
	author = {Corpslayer},
	howpublished = {\url{https://www.reddit.com/r/2007scape/comments/bcq3mj/overkill_dps_formulas}},
	year = {2019},
	urldate = {14.7.2020},
}

@online{corpslayer2,
	author = {Corpslayer},
	howpublished = {\url{https://imgur.com/a/6613Tlu}},
	year = {2019},
	urldate = {14.7.2020},
}

@online{wiki,
	howpublished = {\url{https://oldschool.runescape.wiki/w/Maximum_hit}},
	urldate = {14.7.2020},
}

@online{wikitick,
	howpublished = {\url{https://oldschool.runescape.wiki/w/RuneScape_clock}},
	urldate = {14.7.2020},
}

@article{kakeya,
  title={On the Limits of the Roots of an Algebraic Equation with Positive Coefficients},
  author={S. Kakeya},
  journal={Tohoku Mathematical Journal, First Series},
  volume={2},
  number={ },
  pages={140-142},
  year={1912},
  doi={}
}

@online{osrs,
	howpublished = {\url{https://oldschool.runescape.com/}},
	urldate = {14.7.2020},
}
